<?xml version="1.0" encoding="UTF-8"?><collection xmlns="http://www.loc.gov/MARC21/slim"><record><leader>00319nam--2200121-i-4500</leader><controlfield tag="001">000039943</controlfield><controlfield tag="002">20161230</controlfield><controlfield tag="005">20161230201042</controlfield><controlfield tag="008">060222s1000------------r-----000-0-eng-d</controlfield><datafield ind1=" " ind2=" " tag="080"><subfield code="a">621.039.003:620.91</subfield></datafield><datafield ind1=" " ind2=" " tag="100"><subfield code="a">Saba,Andrea</subfield></datafield><datafield ind1=" " ind2=" " tag="245"><subfield code="a">I prezzi dell`energia in gran bretagna e nella cee</subfield></datafield><datafield ind1=" " ind2=" " tag="260"><subfield code="a">Roma, Cnen, 1964. 118 P</subfield></datafield></record></collection>